@misc{nasa2014srtm1sdem,
  author={{NASA LP DAAC}},
  title={SRTM 1 Arc-Second Global},
  year={2000},
  address={NASA EOSDIS Land Processes DAAC, USGS Earth Resources Observation and Science (EROS) Center, Sioux Falls, South Dakota},
  howpublished={\url{https://earthexplorer.usgs.gov/}},
  note={published September 2014, accessed May 2016}
}

@article{bishop1995drainage,
  title={Drainage rearrangement by river capture, beheading and diversion},
  author={Bishop, Paul},
  journal={Progress in physical geography},
  volume={19},
  number={4},
  pages={449--473},
  year={1995},
  publisher={Sage Publications Sage CA: Thousand Oaks, CA}
}

@article{sun2007fast,
  title={Fast and effective feature-preserving mesh denoising},
  author={Sun, Xianfang and Rosin, Paul and Martin, Ralph and Langbein, Frank},
  journal={IEEE Transactions on Visualization \& Computer Graphics},
  number={5},
  pages={925--938},
  year={2007},
  publisher={IEEE}
}

@article{hubbell1999light,
  title={Light-gap disturbances, recruitment limitation, and tree diversity in a neotropical forest},
  author={Hubbell, Stephen P and Foster, Robin B and O'Brien, Sean T and Harms, Kyle E and Condit, Richard and Wechsler, Beat and Wright, S Joseph and De Lao, S Loo},
  journal={Science},
  volume={283},
  number={5401},
  pages={554--557},
  year={1999},
  publisher={American Association for the Advancement of Science}
}

@software{jose_ramon_martinez_batlle_2020_4402362,
  author       = {José Ramón Martínez Batlle},
  title        = {{biogeografia-master/scripts-de-analisis-BCI: Long 
                   coding sessions}},
  month        = dec,
  year         = 2020,
  publisher    = {Zenodo},
  version      = {v0.0.0.9000},
  doi          = {10.5281/zenodo.4402362},
  url          = {https://doi.org/10.5281/zenodo.4402362}
}

@article{feitosa2012chrysobalanaceae,
  title={Chrysobalanaceae: traditional uses, phytochemistry and pharmacology},
  author={Feitosa, Evanilson Alves and Xavier, Haroudo Satiro and Randau, Karina Perrelli},
  journal={Revista Brasileira de Farmacognosia},
  volume={22},
  number={5},
  pages={1181--1186},
  year={2012},
  publisher={SciELO Brasil}
}

@incollection{prance2014chrysobalanaceae,
  title={Chrysobalanaceae},
  author={Prance, GT},
  booktitle={Flowering Plants. Eudicots},
  pages={19--28},
  year={2014},
  publisher={Springer}
}

@article{bardon2013origin,
  title={Origin and evolution of Chrysobalanaceae: insights into the evolution of plants in the Neotropics},
  author={Bardon, L{\'e}a and Chamagne, Juliette and Dexter, Kyle G and Sothers, Cynthia A and Prance, Ghillean T and Chave, J{\'e}r{\^o}me},
  journal={Botanical Journal of the Linnean Society},
  volume={171},
  number={1},
  pages={19--37},
  year={2013},
  publisher={Oxford University Press}
}

@article{lomolino2017biogeography,
  title={Biogeography},
  author={Lomolino, Mark V and Riddle, Brett R and Whittaker, Robert J and Brown, James H},
  year={2010},
  publisher={Sinauer Associates, Inc.}
}

@incollection{sang2008vascular,
  title={Vascular diversity patterns of forest ecosystem before and after a 43-year interval under changing climate conditions in the Changbaishan Nature Reserve, northeastern China},
  author={Sang, Weiguo and Bai, Fan},
  booktitle={Forest Ecology},
  pages={115--130},
  year={2008},
  publisher={Springer}
}

@book{lange2013physiological,
  title={Physiological plant ecology III: Responses to the chemical and biological environment},
  author={Lange, Otto Ludwig and Nobel, Park S and Osmond, Charles Barry and Ziegler, H},
  volume={12},
  year={2013},
  publisher={Springer Science \& Business Media}
}

@article{magurran2004measuring,
  title={Measuring biological diversity. 2004},
  author={Magurran, AE},
  journal={Malden: Blackwell},
  year={2004}
}

@article{condit1996species,
  title={Species-area and species-individual relationships for tropical trees: a comparison of three 50-ha plots},
  author={Condit, Richard and Hubbell, Stephen P and Lafrankie, James V and Sukumar, Raman and Manokaran, N and Foster, Robin B and Ashton, Peter S},
  journal={Journal of ecology},
  pages={549--562},
  year={1996},
  publisher={JSTOR}
}

@article{hubbell1992short,
  title={Short-term dynamics of a neotropical forest: why ecological research matters to tropical conservation and management},
  author={Hubbell, Stephen P and Foster, Robin B},
  journal={Oikos},
  pages={48--61},
  year={1992},
  publisher={JSTOR}
}

@book{condit1998tropical,
  title={Tropical forest census plots: methods and results from Barro Colorado Island, Panama and a comparison with other plots},
  author={Condit, Richard},
  year={1998},
  publisher={Springer Science \& Business Media}
}

@online{ircCicaco,
  author = {The Institute for Regional Conservation},
  title = {Chrysobalanus icaco, Chrysobalanaceae},
  year = 2020,
  url = {https://regionalconservation.org/beta/nfyn/plantdetail.asp?tx=Chryicac&tx=Chryicac},
  urldate = {2021-11-11}
}

@online{PfafLrigida,
  author = {Plants for a Future},
  title = {Licania rigida (Benth)},
  year = 2021,
  url = {https://pfaf.org/user/Plant.aspx?LatinName=Licania+rigida},
  urldate = {2021-11-11}
}

@online{ircCicaco,
  author = {Plants for a Future},
  title = {Licania rigida (Benth)},
  year = 2021,
  url = {https://pfaf.org/user/Plant.aspx?LatinName=Licania+rigida},
  urldate = {2021-11-11}
}

@article{sothers2014taxonomic,
  title={Taxonomic novelties in Neotropical Chrysobalanaceae: towards a monophyletic Couepia},
  author={Sothers, Cynthia and Prance, Ghillean T and Buerki, Sven and De Kok, Rogier and Chase, Mark W},
  journal={Phytotaxa},
  volume={172},
  number={2},
  pages={176--200},
  year={2014}
}

@book{grandtner2013dictionary,
  title={Dictionary of trees, volume 2: South America: Nomenclature, taxonomy and ecology},
  author={Grandtner, Miroslav M and Chevrette, Julien},
  year={2013},
  publisher={Academic Press}
}

@book{croat1978flora,
  title={Flora of barro colorado island},
  author={Croat, Thomas B},
  year={1978},
  publisher={Stanford University Press}
}

@online{Hubbell2010Forest,
  author= {Hubbell, Stepehen and Condit, Richard and Foster, Robin},
  title={Forest Census Plot on Barro Colorado Island}
  year={2010},
  url={http://ctfs.si.edu/webatlas/datasets/bci/},
  urldate={(2021-11-30)}
}
  
@software{jose_ramon_martinez_batlle_2020_4402362,
  author       = {José Ramón Martínez Batlle},
  title        = {{biogeografia-master/scripts-de-analisis-BCI: Long 
                   coding sessions}},
  month        = dec,
  year         = 2020,
  publisher    = {Zenodo},
  version      = {v0.0.0.9000},
  doi          = {10.5281/zenodo.4402362},
  url          = {https://doi.org/10.5281/zenodo.4402362}
}

@Manual{RStudio,
    title = {R: A Language and Environment for Statistical Computing},
    author = {{R Core Team}},
    organization = {R Foundation for Statistical Computing},
    address = {Vienna, Austria},
    year = {2020},
    url = {https://www.R-project.org/},
}
